<record><leader>00000cas a22000007a 4500</leader><controlfield tag="001">10223898</controlfield><controlfield tag="008">831215d18uu1889njuwr ne      0    0eng d</controlfield><datafield ind1=" " ind2=" " tag="010"><subfield code="a">sn 83032238 </subfield></datafield><datafield ind1=" " ind2=" " tag="040"><subfield code="a">NPU</subfield><subfield code="b">eng</subfield><subfield code="c">NPU</subfield><subfield code="d">NPX</subfield><subfield code="d">NJW</subfield><subfield code="d">NYS</subfield><subfield code="d">OCLCQ</subfield></datafield><datafield ind1=" " ind2=" " tag="042"><subfield code="a">msc</subfield></datafield><datafield ind1="0" ind2=" " tag="130"><subfield code="a">Atlantic Democrat (Egg Harbor City, N.J. : 1873)</subfield></datafield><datafield ind1="1" ind2="4" tag="245"><subfield code="a">The Atlantic Democrat.</subfield></datafield><datafield ind1=" " ind2=" " tag="260"><subfield code="a">Egg Harbor City, N.J. :</subfield><subfield code="b">F.S. Regensburg</subfield></datafield><datafield ind1=" " ind2=" " tag="300"><subfield code="a">v. ;</subfield><subfield code="c">57 cm.</subfield></datafield><datafield ind1=" " ind2=" " tag="310"><subfield code="a">Weekly</subfield></datafield><datafield ind1="1" ind2=" " tag="362"><subfield code="a">Ceased in Aug. 1889.</subfield></datafield><datafield ind1=" " ind2=" " tag="500"><subfield code="a">Publishers: L.C. Brink, &lt;1868&gt;; F.S. Regensburg, &lt;1873-1876&gt;.</subfield></datafield><datafield ind1=" " ind2=" " tag="500"><subfield code="a">Editor: F.S. Regensburg, &lt;1876&gt;.</subfield></datafield><datafield ind1=" " ind2=" " tag="588"><subfield code="a">Description based on: Vol. 9, no. 31 (Mar. 15, 1873).</subfield></datafield><datafield ind1=" " ind2=" " tag="752"><subfield code="a">United States</subfield><subfield code="b">New Jersey</subfield><subfield code="c">Atlantic</subfield><subfield code="d">Egg Harbor City.</subfield></datafield><datafield ind1="0" ind2="0" tag="780"><subfield code="t">Atlantic Democrat. The Constitution and the laws.</subfield><subfield code="w">(DLC)sn 91064024</subfield><subfield code="w">(OCoLC)24221632</subfield></datafield><datafield ind1="1" ind2="7" tag="785"><subfield code="t">Atlantic times</subfield></datafield><datafield ind1="1" ind2="7" tag="785"><subfield code="t">Atlantic times-Democrat</subfield></datafield><datafield ind1="1" ind2=" " tag="029"><subfield code="a">AU@</subfield><subfield code="b">000020418742</subfield></datafield></record>